@misc{SSTICGenDbg,
  author =  {Didier Eymery and Odile Eymery and Jean-Marie Borello and Jean-Marie Fraygefond and Philippe Bion},
  title = {{GenDbg : un débogueur générique}},
  howpublished = {\url{https://www.sstic.org/2008/presentation/GenDbg_un_debogueur_generique/}},
  year = {2008},
}
@misc{SSTICYaCo,
  author =  {Benoît Amiaux and Frédéric Grelot and Jérémy Bouétard and Martin Tourneboeuf and Valerian Comiti},
  title = {{YaCo: Rétro-Ingénierie Collaborative}},
  howpublished = {\url{https://www.sstic.org/2017/presentation/YaCo/}},
  year = {2017},
}
@misc{MIPS32Arch,
  author =  {{Imagination Technologies LTD}},
  title = {{MIPS® Architecture For Programmers Volume I-A: Introduction to the MIPS32® Architecture}},
  howpublished = {\url{http://cdn2.imgtec.com/documentation/MD00082-2B-MIPS32INT-AFP-06.01.pdf}},
  year = {2014},
  note = {Document Number: MD00082, Revision 6.01},
}
@misc{MIPS32InstrSet605,
  author =  {{Imagination Technologies LTD}},
  title = {{MIPS® Architecture for Programmers Volume II-A: The MIPS32® Instruction Set Manual}},
  howpublished = {\url{http://cdn2.imgtec.com/documentation/MIPS_Architecture_MIPS32_InstructionSet_%20AFP_P_MD00086_06.05.pdf}},
  year = {2016},
  note = {Document Number: MD00086, Revision 6.05},
}
@misc{MIPS32InstrSet504,
  author =  {{Imagination Technologies LTD}},
  title = {{MIPS® Architecture for Programmers Volume II-A: The MIPS32® Instruction Set Manual}},
  howpublished = {\url{http://cdn2.imgtec.com/documentation/MD00086-2B-MIPS32BIS-AFP-05.04.pdf}},
  year = {2013},
  note = {Document Number: MD00086, Revision 5.04},
}
@misc{MIPS64Arch,
  author =  {{Imagination Technologies LTD}},
  title = {{MIPS® Architecture For Programmers Volume I-A: Introduction to the MIPS64® Architecture}},
  howpublished = {\url{http://cdn2.imgtec.com/documentation/MD00083-2B-MIPS64INT-AFP-06.01.pdf}},
  year = {2014},
  note = {Document Number: MD00083, Revision 6.01},
}
@misc{MIPS64InstrSet605,
  author =  {{Imagination Technologies LTD}},
  title = {{MIPS® Architecture For Programmers Volume II-A: The MIPS64® Instruction Set Reference Manual}},
  howpublished = {\url{http://cdn2.imgtec.com/documentation/MIPS_Architecture_MIPS64_InstructionSet_%20AFP_P_MD00087_06.05.pdf}},
  year = {2016},
  note = {Document Number: MD00087, Revision 6.05},
}
@misc{MIPS64InstrSet504,
  author =  {{Imagination Technologies LTD}},
  title = {{MIPS® Architecture For Programmers Volume II-A: The MIPS64® Instruction Set Reference Manual}},
  howpublished = {\url{http://cdn2.imgtec.com/documentation/MD00087-2B-MIPS64BIS-AFP-05.04.pdf}},
  year = {2013},
  note = {Document Number: MD00087, Revision 5.04},
}
@misc{DEFD0918712D,
  author =  {François Fillon},
  title = {{Décret n° 2009-1178 du 5 octobre 2009 portant organisation de l'administration centrale du ministère de la défense}},
  howpublished = {\url{https://www.legifrance.gouv.fr/affichTexte.do?cidTexte=JORFTEXT000021113744}},
  year = {2009},
  note = {Version consolidée au 12 novembre 2017},
}
@misc{CodeDefenseL1142-1,
  title = {{Code de la défense - Article L1142-1}},
  howpublished = {\url{https://www.legifrance.gouv.fr/affichCodeArticle.do?cidTexte=LEGITEXT000006071307&idArticle=LEGIARTI000032920519}},
  year = {2016},
  note = {Modifié par Ordonnance n°2016-982 du 20 juillet 2016 - art. 6},
}
@misc{CodeDefenseR2311-2,
  title = {{Code de la défense - Article R2311-2}},
  howpublished = {\url{https://www.legifrance.gouv.fr/affichCodeArticle.do?idArticle=LEGIARTI000022388141&cidTexte=LEGITEXT000006071307}},
  year = {2010},
  note = {Modifié par Décret n°2010-678 du 21 juin 2010 - art. 1},
}
@misc{CodeDefenseR2311-3,
  title = {{Code de la défense - Article R2311-3}},
  howpublished = {\url{https://www.legifrance.gouv.fr/affichCodeArticle.do?idArticle=LEGIARTI000022388139&cidTexte=LEGITEXT000006071307}},
  year = {2010},
  note = {Modifié par Décret n°2010-678 du 21 juin 2010 - art. 1},
}
@misc{CodeDefenseR2311-7,
  title = {{Code de la défense - Article R2311-7}},
  howpublished = {\url{https://www.legifrance.gouv.fr/affichCodeArticle.do?idArticle=LEGIARTI000022388131&cidTexte=LEGITEXT000006071307}},
  year = {2010},
  note = {Modifié par Décret n°2010-678 du 21 juin 2010 - art. 1},
}
@misc{PRMD1132480A,
  title = {{Arrêté du 30 novembre 2011 portant approbation de l'instruction générale interministérielle n° 1300 sur la protection du secret de la défense nationale}},
  howpublished = {\url{https://www.legifrance.gouv.fr/affichTexte.do?cidTexte=JORFTEXT000024892134&fastPos=1&fastReqId=275001272}},
  year = {2011},
  note = {Version consolidée au 21 novembre 2017},
}
@misc{CodePenal413-9,
  title = {{Code pénal - Article 413-9}},
  howpublished = {\url{https://www.legifrance.gouv.fr/affichCodeArticle.do?cidTexte=LEGITEXT000006070719&idArticle=LEGIARTI000006418400}},
  year = {2009},
  note = {Modifié par LOI n°2009-928 du 29 juillet 2009 - art. 12},
}
@misc{OptroDefDGA,
  author =  {{Optro \& Défense}},
  title = {{Direction Générale de l’Armement}},
  howpublished = {\url{http://optronique.net/defense/acteur/etatique/dga-direction-generale-armement}},
  year = {2010},
}
@misc{ChiffresDef2015,
  author =  {{Délégation à l'information et à la communication de la Défense (DICoD)}},
  title = {{Chiffres clés de la Défense - 2015}},
  howpublished = {\url{http://www.defense.gouv.fr/actualites/articles/chiffres-cles-de-la-defense-2015}},
  year = {2015},
}
@misc{ChiffresDef2016,
  author =  {{Délégation à l'information et à la communication de la Défense (DICoD)}},
  title = {{Chiffres clés de la Défense - 2016}},
  howpublished = {\url{http://www.defense.gouv.fr/actualites/articles/chiffres-cles-de-la-defense-2016}},
  year = {2016},
}
@misc{ChiffresDef2017,
  author =  {{Délégation à l'information et à la communication de la Défense (DICoD)}},
  title = {{Chiffres clés de la Défense - 2017}},
  howpublished = {\url{http://www.defense.gouv.fr/actualites/articles/chiffres-cles-de-la-defense-2017}},
  year = {2017},
}
@book{CELAR40ansAvenir,
  author = {Hélène {Le Maux} and Hervé {Le Pan}},
  title = {{CELAR, 40 ans et un avenir}},
  publisher = {Éditions CELAR},
  year = {2008},
  note = {Livre édité par le CELAR pour ses quarante ans, disponible a la bibliothèque de la DGA MI, site de Bruz},
}
@misc{PresentationDGA,
  author =  {{Direction Générale de l'Armement}},
  title = {{Présentation de la direction générale de l'armement}},
  howpublished = {\url{http://www.defense.gouv.fr/dga/la-dga2/missions/presentation-de-la-direction-generale-de-l-armement}},
  year = {2017},
}
@misc{OrganigrammeDGA,
  author =  {{Direction Générale de l'Armement}},
  title = {{L'organigramme de la DGA}},
  howpublished = {\url{http://www.defense.gouv.fr/dga/la-dga2/organisation/l-organigramme-de-la-dga}},
  year = {2017},
}
@misc{BiographieDGA,
  author =  {{Direction Générale de l'Armement}},
  title = {{Biographie du délégué général pour l'armement}},
  howpublished = {\url{http://www.defense.gouv.fr/dga/la-dga2/biographie/biographie-du-delegue-general-pour-l-armement}},
  year = {2017},
}
@misc{BilanDGA2015,
  author =  {{Direction Générale de l'Armement}},
  title = {{Bilan 2015 de la DGA}},
  howpublished = {\url{http://www.defense.gouv.fr/dga/la-dga2/chiffres-cles/chiffres-cles-dga}},
  year = {2016},
}
@misc{CentresExpertiseEssaisDGA,
  author =  {{Direction Générale de l'Armement}},
  title = {{Les centres d’expertise et d’essais de la DGA}},
  howpublished = {\url{http://www.defense.gouv.fr/dga/la-dga2/expertise-et-essais/les-centres-d-expertise-et-d-essais-de-la-dga}},
  year = {2017},
}
@misc{AnnuaireStatistiqueDefense,
  author =  {{Secrétariat Général pour l'Administration}},
  title = {{Annuaire statistique de la Défense}},
  howpublished = {\url{http://www.defense.gouv.fr/sga/le-sga-en-action/economie-et-statistiques/annuaire-statistique-de-la-defense}},
  year = {2017},
}
@misc{DecretCreationSCSSI,
  title = {{Décret n°86-318 du 3 mars 1986 PORTANT CREATION DU SERVICE CENTRAL DE LA SECURITE DES SYSTEMES D'INFORMATION}},
  howpublished = {\url{https://www.legifrance.gouv.fr/affichTexte.do?cidTexte=JORFTEXT000000521658}},
  year = {1986},
}
@misc{LSUEE4720,
  author =  {David M Koppelman},
  title = {{EE 4720, Computer Architecture}},
  howpublished = {\url{http://www.ece.lsu.edu/ee4720/ln17.html}},
  year = {2017},
  note = {Course of Louisiana State University, Division of Electrical \& Computer Engineering},
}
@misc{GithubCapstone,
  title = {{Capstone disassembly/disassembler framework public repository}},
  howpublished = {\url{https://github.com/aquynh/capstone}},
}
@misc{GithubKeystone,
  title = {{Keystone assembler framework public repository}},
  howpublished = {\url{https://github.com/keystone-engine/keystone}},
}
@misc{GithubGTest,
  title = {{Google Test, Google's C++ test framework repository}},
  howpublished = {\url{https://github.com/google/googletest}},
}
@misc{GithubYaCo,
  title = {{YaCo, an Hex-Rays IDA plugin repository}},
  howpublished = {\url{https://github.com/DGA-MI-SSI/YaCo}},
}
@misc{GithubYaCoPR24,
  title = {{YaCo pull request \#24: Switch to C++ Repository}},
  howpublished = {\url{https://github.com/DGA-MI-SSI/YaCo/pull/24}},
}
@misc{GithubYaCoPR30,
  title = {{YaCo pull request \#30: Switch to C++ Hooks and YaCo}},
  howpublished = {\url{https://github.com/DGA-MI-SSI/YaCo/pull/30}},
}
@misc{HexRaysIDA7,
  author =  {{Hex-Rays}},
  title = {{IDA 7.0 SDK: Porting from IDA 4.9-6.x API to IDA 7.0 API}},
  howpublished = {\url{https://www.hex-rays.com/products/ida/7.0/docs/api70_porting_guide.shtml}},
  year = {2017},
}
@misc{HexRaysIDADoc,
  author =  {{Hex-Rays}},
  title = {{Official documentation of the IDA SDK}},
  howpublished = {\url{https://www.hex-rays.com/products/ida/support/sdkdoc/}},
}
@misc{CMakeDoc,
  author =  {{Kitware, Inc. and Contributors}},
  title = {{CMake 3.10 documentation}},
  howpublished = {\url{https://cmake.org/cmake/help/v3.10/}},
}
@misc{QEMUDoc,
  author =  {{QEMU}},
  title = {{QEMU version 2.10.50 User Documentation}},
  howpublished = {\url{https://qemu.weilnetz.de/doc/qemu-doc.html}},
}
@misc{GitCommands,
  author =  {Oliver Steele},
  title = {{My Git Workflow: Git Data Transport Commands}},
  howpublished = {\url{http://blog.osteele.com/2008/05/my-git-workflow/}},
  year = {2008},
}
@misc{GitSCM,
  title = {{Git Homepage}},
  howpublished = {\url{https://git-scm.com/}},
}
